<?xml version="1.0" encoding="utf-8"?>
<record xmlns="http://www.loc.gov/MARC21/slim" xmlns:xsi="http://www.w3.org/2001/XMLSchema-instance" xsi:schemaLocation="http://www.loc.gov/MARC21/slim http://www.loc.gov/standards/marcxml/schema/MARC21slim.xsd">
	<leader>     nam a22        4500</leader>
	<controlfield tag="001">4608836</controlfield>
	<controlfield tag="003">NIC</controlfield>
	<controlfield tag="006">m        d        </controlfield>
	<controlfield tag="007">cr cn |||m|||a</controlfield>
	<controlfield tag="008">160318s1968    iq ac   obc   001 0 araod</controlfield>
	<datafield ind1=" " ind2=" " tag="040">
		<subfield code="a">NNU</subfield>
		<subfield code="b">eng</subfield>
		<subfield code="e">rda</subfield>
		<subfield code="c">NNU</subfield>
	</datafield>
	<datafield ind1=" " ind2=" " tag="043">
		<subfield code="a">e-bu---</subfield>
	</datafield>
	<datafield ind1="0" ind2="4" tag="050">
		<subfield code="a">Z6621</subfield>
		<subfield code="b">.S67</subfield>
	</datafield>
	<datafield ind1="2" ind2=" " tag="110">
		<subfield code="a">Narodna biblioteka &quot;Kiril i Metodiĭ.&quot;</subfield>
	</datafield>
	<datafield ind1="1" ind2="0" tag="245">
		<subfield code="6">880-01</subfield>
		<subfield code="a">Makhṭūṭāt ʻArabīyah fī Maktabat Ṣūfiyā al-Waṭanīyah al-Bulghārīyah (Kīril wa-mītūdī) /</subfield>
		<subfield code="c">taṣnīf Yūsusf ʻIzz al-Dīn.</subfield>
	</datafield>
	<datafield ind1=" " ind2=" " tag="260">
		<subfield code="6">880-02</subfield>
		<subfield code="a">Baghdād :</subfield>
		<subfield code="b">al-Majmaʻ al-ʻIlmī al-ʻIrāqī,</subfield>
		<subfield code="c">1968.</subfield>
	</datafield>
	<datafield ind1=" " ind2=" " tag="300">
		<subfield code="a">online resource (167 pages) :</subfield>
		<subfield code="b">portrait</subfield>
	</datafield>
	<datafield ind1=" " ind2=" " tag="336">
		<subfield code="a">text</subfield>
		<subfield code="2">rdacontent</subfield>
	</datafield>
	<datafield ind1=" " ind2=" " tag="337">
		<subfield code="a">computer</subfield>
		<subfield code="2">rdamedia</subfield>
	</datafield>
	<datafield ind1=" " ind2=" " tag="338">
		<subfield code="a">online resource</subfield>
		<subfield code="2">rdacarrier</subfield>
	</datafield>
	<datafield ind1="1" ind2=" " tag="490">
		<subfield code="6">880-03</subfield>
		<subfield code="a">Maṭbūʻāt al-Majmaʻ al-ʻIlmī al-ʻIrāqī</subfield>
	</datafield>
	<datafield ind1=" " ind2=" " tag="500">
		<subfield code="a">Added t.p.: Arabic manuscripts in the National Library of Sofia &quot;Cyrille et Methode,&quot; by Yousif Issidien.</subfield>
	</datafield>
	<datafield ind1=" " ind2=" " tag="500">
		<subfield code="a">Introd. in Arabic, English, and Russian.</subfield>
	</datafield>
	<datafield ind1=" " ind2=" " tag="500">
		<subfield code="a">Part of the Arabic Collections Online (ACO) project, contributed by Cornell University Libraries.</subfield>
	</datafield>
	<datafield ind1=" " ind2=" " tag="533">
		<subfield code="a">Electronic reproduction.</subfield>
		<subfield code="b">New York, N.Y. :</subfield>
		<subfield code="c">New York University,</subfield>
		<subfield code="d">2016.</subfield>
		<subfield code="5">NNU</subfield>
	</datafield>
	<datafield ind1=" " ind2="0" tag="650">
		<subfield code="a">Manuscripts, Arabic</subfield>
		<subfield code="z">Bulgaria</subfield>
		<subfield code="z">Sofia</subfield>
		<subfield code="v">Catalogs.</subfield>
	</datafield>
	<datafield ind1="2" ind2="0" tag="610">
		<subfield code="a">Narodna biblioteka &quot;Kiril i Metodiĭ&quot;</subfield>
		<subfield code="v">Catalogs.</subfield>
	</datafield>
	<datafield ind1="2" ind2="7" tag="610">
		<subfield code="a">Narodna biblioteka &quot;Kiril i Metodiĭ&quot;</subfield>
		<subfield code="2">fast</subfield>
		<subfield code="0">(OCoLC)fst00553635</subfield>
	</datafield>
	<datafield ind1=" " ind2="7" tag="650">
		<subfield code="a">Manuscripts, Arabic.</subfield>
		<subfield code="2">fast</subfield>
		<subfield code="0">(OCoLC)fst01008278</subfield>
	</datafield>
	<datafield ind1=" " ind2="7" tag="651">
		<subfield code="a">Bulgaria</subfield>
		<subfield code="z">Sofia.</subfield>
		<subfield code="2">fast</subfield>
		<subfield code="0">(OCoLC)fst01206893</subfield>
	</datafield>
	<datafield ind1=" " ind2="7" tag="655">
		<subfield code="a">Catalogs.</subfield>
		<subfield code="2">fast</subfield>
		<subfield code="0">(OCoLC)fst01423692</subfield>
	</datafield>
	<datafield ind1="1" ind2=" " tag="700">
		<subfield code="6">880-04</subfield>
		<subfield code="a">ʻIzz al-Dīn, Yūsuf.</subfield>
	</datafield>
	<datafield ind1="2" ind2=" " tag="710">
		<subfield code="a">Cornell University.</subfield>
		<subfield code="b">Libraries.</subfield>
	</datafield>
	<datafield ind1="0" ind2=" " tag="730">
		<subfield code="a">Arabic Collections Online.</subfield>
	</datafield>
	<datafield ind1="0" ind2=" " tag="740">
		<subfield code="a">Arabic manuscripts in the National Library of Sofia.</subfield>
	</datafield>
	<datafield ind1="0" ind2=" " tag="740">
		<subfield code="a">Arabic manuscripts in the National Library of Sofia &quot;Cyrille et Methode.&quot;</subfield>
	</datafield>
	<datafield ind1="0" ind2="8" tag="776">
		<subfield code="i">Print version:</subfield>
		<subfield code="a">Narodna biblioteka &quot;Kiril i Metodiĭ.&quot;</subfield>
		<subfield code="t">Makhṭūṭāt ʻArabīyah fī Maktabat Ṣūfiyā al-Waṭanīyah al-Bulghārīyah (Kīril wa-mītūdī)</subfield>
		<subfield code="w">(NIC)4608836</subfield>
		<subfield code="w">(DLC) 70214140 </subfield>
		<subfield code="w">(OCoLC)44662815</subfield>
	</datafield>
	<datafield ind1=" " ind2="0" tag="830">
		<subfield code="6">880-05</subfield>
		<subfield code="a">Maṭbūʻāt al-Majmaʻ al-ʻIlmī al-ʻIrāqī.</subfield>
	</datafield>
	<datafield ind1="4" ind2="0" tag="856">
		<subfield code="u">http://hdl.handle.net/2333.1/w0vt4fmh</subfield>
	</datafield>
	<datafield ind1="1" ind2="0" tag="880">
		<subfield code="6">245-01</subfield>
		<subfield code="a">‏مخطوطات عربية في مكتبة صوفيا الوطنية البلغارية (كيرل وميتودي) /‏</subfield>
		<subfield code="c">‏تصنيف يوسف عز الدين.</subfield>
	</datafield>
	<datafield ind1=" " ind2=" " tag="880">
		<subfield code="6">260-02</subfield>
		<subfield code="a">‏بغداد :‏</subfield>
		<subfield code="b">‏المجمع العلمي العراقي،‏</subfield>
		<subfield code="c">‏1968.</subfield>
	</datafield>
	<datafield ind1="1" ind2=" " tag="880">
		<subfield code="6">490-03</subfield>
		<subfield code="a">‏مطبوعات المجمع العلمي العراقي</subfield>
	</datafield>
	<datafield ind1="1" ind2=" " tag="880">
		<subfield code="6">700-04</subfield>
		<subfield code="a">‏عز الدين، يوسف.</subfield>
	</datafield>
	<datafield ind1=" " ind2="0" tag="880">
		<subfield code="6">830-05</subfield>
		<subfield code="a">مطبوعات المجمع العلمي العراقي.</subfield>
	</datafield>
	<datafield ind1=" " ind2=" " tag="959">
		<subfield code="a">NNU</subfield>
		<subfield code="b">WEB</subfield>
		<subfield code="c">GENI</subfield>
		<subfield code="t">0</subfield>
		<subfield code="m">Electronic access</subfield>
		<subfield code="s">01</subfield>
	</datafield>
	<datafield ind1=" " ind2=" " tag="999">
		<subfield code="i">NIC_4608836</subfield>
		<subfield code="o">(OCoLC)ocm44662815</subfield>
		<subfield code="s">cornell_aco000576</subfield>
		<subfield code="e">(ERROR-880)</subfield>
		<subfield code="s">cornell_aco000576</subfield>
	</datafield>
</record>
